
@article{Vane-Wright1991,
    author = {Vane-Wright, R.I. and Humphries, C.J. and Williams, P.H.},
    doi = {10.1016/0006-3207(91)90030-D},
    journal = {Biological Conservation},
    number = {3},
    pages = {235--254},
    title = {{What to protect?â€”Systematics and the agony of choice}},
    volume = {55},
    year = {1991}
}

@article{Verdu2012,
    author = {Verdu, M. and Gomez-Aparicio, L. and Valiente-Banuet, a.},
    journal = {Proceedings of the Royal Society B: Biological Sciences},
    number = {1734},
    pages = {1761--1767},
    title = {{Phylogenetic relatedness as a tool in restoration ecology: a meta-analysis}},
    volume = {279},
    year = {2012}
}

@Misc{Herman2014,
    author = {Herman, B. and Sliwinski, R. and S. Whitaker},
    year = {2014},
    title = {{Chicago Region FQA (Floristic Quality Assessment) Calculator}},
    howpublished = {U.S. Army Corps of Engineers, Chicago, IL}
}

@Misc{Freyman2013,
    author =   {Freyman, W. A. and Masters, L. A.},
    title =    {{Universal Floristic Quality Assessment} ({FQA}) {Calculator}},
    howpublished = {\url{http://universalfqa.org/}},
    year = {2013}
}

@article{Hipp2015,
    author = {Hipp, A. L. and Larkin, D. J. and Barak, R. S. and Bowles, M. L. and Cadotte, M. W. and Jacobi, S. K. and Lonsdorf, E. and Scharenbroch, B. C. and Williams, E. and Weiher, E.},
    doi = {10.3732/ajb.1500119},
    journal = {American Journal of Botany},
    pages = {647--648},
    title = {{Phylogeny in the Service of Ecological Restoration}},
    volume = {2},
    year = {2015}
}

@article{Winter2013,
    author = {Winter, Marten and Devictor, Vincent and Schweiger, Oliver},
    doi = {10.1016/j.tree.2012.10.015},
    journal = {Trends in ecology \& evolution},
    month = may,
    number = {4},
    pages = {199--204},
    publisher = {Elsevier Ltd},
    title = {{Phylogenetic diversity and nature conservation: where are we?}},
    volume = {28},
    year = {2013}
}

@article{rosauer2013,
  title={Nurturing the use of evolutionary diversity in nature conservation},
  author={Rosauer, Dan F and Mooers, Arne O},
  journal={Trends in ecology \& evolution},
  volume={28},
  number={6},
  pages={322--323},
  year={2013},
  publisher={Elsevier}
}
